<?xml version="1.0" encoding="UTF-8"?><collection xmlns="http://www.loc.gov/MARC21/slim"><record><leader>00530nam--2200193-i-4500</leader><controlfield tag="001">000029916</controlfield><controlfield tag="002">20161230</controlfield><controlfield tag="005">20161230201038</controlfield><controlfield tag="008">060222s1000------------r-----000-0-rum-d</controlfield><datafield ind1=" " ind2=" " tag="040"><subfield code="a">IFIN-HH</subfield></datafield><datafield ind1=" " ind2=" " tag="041"><subfield code="a">rum</subfield></datafield><datafield ind1=" " ind2=" " tag="080"><subfield code="a">02</subfield></datafield><datafield ind1="1" ind2=" " tag="100"><subfield code="a">Moldoveanu, Valeriu</subfield></datafield><datafield ind1="1" ind2="0" tag="245"><subfield code="a">Ghidul bibliotecilor din romania</subfield><subfield code="c">Valeriu moldoveanu, gheorghe popescu, mircea tomescu</subfield></datafield><datafield ind1=" " ind2=" " tag="260"><subfield code="a">Bucuresti</subfield><subfield code="b">Editura Enciclopedica Romana</subfield><subfield code="c">1970</subfield></datafield><datafield ind1=" " ind2=" " tag="300"><subfield code="a">475P</subfield></datafield><datafield ind1="1" ind2=" " tag="700"><subfield code="a">Tomescu, Mircea</subfield></datafield><datafield ind1=" " ind2=" " tag="852"><subfield code="a">34009</subfield><subfield code="c">02</subfield></datafield><datafield ind1=" " ind2=" " tag="CAT"><subfield code="a">Sys</subfield><subfield code="c">20120808</subfield><subfield code="h">110509</subfield></datafield></record></collection>